@online{site:agile-manifesto,
    title   = {Manifesto Agile},
    url     = {http://agilemanifesto.org/iso/it/}
}
@online{site:dart,
    title   = {Dart},
    url     = {https://dart.dev/}
}
@online{site:flutter-documentation,
    title   = {Documentazione Flutter},
    url     = {https://flutter.dev/docs}
}
@online{site:datasoil,
    title   = {Datasoil S.r.l.},
    url     = {https://datasoil.it/}
}

@online{site:material-design,
    title   = {Material Design},
    url     = {https://material.io/design/introduction}
}

@online{site:auth0,
    title   = {Auth0},
    url     = {https://auth0.com/docs/}
}

@online{site:git,
    title   = {Git},
    url     = {https://git-scm.com/}
}
@online{site:github,
    title   = {Github},
    url     = {https://github.com/}
}
@online{site:docker,
    title   = {Docker},
    url     = {https://www.docker.com/}
}
@online{site:survey-kit,
    title   = {SurveyKit},
    url     = {https://pub.dev/packages/survey_kit}
}
@online{site:visual-studio-code,
    title   = {Visual Studio Code},
    url     = {https://code.visualstudio.com/}
}

@online{site:jira,
    title   = {Jira},
    url     = {https://www.atlassian.com/it/software/jira}
}


